% Notas no estilo plain  www.openoffice.org/bibliographic/bibtex-defs.html
% Notas no estilo abntex2cite  https://www.abntex.net.br/
% Outros estilos https://www.overleaf.com/learn/latex/bibtex_bibliography_styles

%---------- books ------------

@book{CookCPS97,
    author      = {Cook, William J. and Cunningham, William H. and      Pulleyblank, William R. and Schrijver, Alexander},
    title       = {Combinatorial Optimization},
    year        = {1997},
    publisher   = {Wiley},
    series      = {Wiley-Interscience Series in Discrete Mathematics and Optimization},
    isbn        = {978-0-471-55894-1}
}

%------- General stuff -------

@misc{dimacs11,
    author      = {DIMACS},
    title       = {11th DIMACS Implementation Challenge},
    year        = {2014},
    note        = {\url{dimacs11.zib.de} (acessado em 00/11/2222)}
}

%------- Articles -----------------

@article{Karp72,
    author      = {Karp, Richard},
    title       = {Reducibility among Combinatorial Problems},
    journal     = {Complexity of Computer Computations},
    year        = {1972},
    publisher   = {Plenum Press},
    pages       = {85--103},
    url         = {https://doi.org/10.1007/978-1-4684-2001-2_9},
    doi         = {10.1007/978-1-4684-2001-2_9}
}

@article{LjubicWPKMF05, 
    author      = {Ljubi{\' c}, Ivana and Weiskircher, Ren√© and Pferschy,      Ulrich and Klau, Gunnar and Mutzel, Petra and Fischetti,          Matteo}, 
    title       = {An Algorithmic Framework for the Exact Solution of the Prize-Collecting Steiner Tree Problem},
    journal     = {Mathematical Programming}, 
    year        = {2005}, 
    month       = {Oct}, 
    publisher   = {Springer Science and Business Media LLC}, 
    volume      = {105},
    number      = {2-3}, 
    pages       = {427--449},
    issn        = {1436-4646}, 
    url         = {http://dx.doi.org/10.1007/s10107-005-0660-x}, 
    doi         = {10.1007/s10107-005-0660-x} 
}

@article{BolukbasiK18, 
    author      = {Bolukbasi, Gizem and Kocaman, Ayse Selin}, 
    title       = {A prize collecting Steiner tree approach to least cost evaluation of grid and off-grid electrification systems}, 
    journal     = {Energy}, 
    year        = {2018}, 
    month       = {Oct}, 
    publisher   = {Elsevier BV}, 
    volume      = {160}, 
    pages       = {536--543},
    issn        = {0360-5442}, 
    url         = {http://dx.doi.org/10.1016/j.energy.2018.07.029}, 
    doi         = {10.1016/j.energy.2018.07.029} 
}
